<collection xmlns="http://www.loc.gov/MARC21/slim">
<record>
  <leader>01067nam0a22002171i 450 </leader>
  <controlfield tag="001">IT\ICCU\CNCE\073129</controlfield>
  <controlfield tag="005">20110705000000.0</controlfield>
  <datafield tag="012" ind1=" " ind2=" ">
    <subfield code="a">c.u- --te m.am c.u- (S) 1563 (Q)</subfield>
    <subfield code="2">fei</subfield>
  </datafield>
  <datafield tag="100" ind1=" " ind2=" ">
    <subfield code="a">20080529f1563        0itac0103    ba</subfield>
  </datafield>
  <datafield tag="101" ind1=" " ind2=" ">
    <subfield code="a">LAT</subfield>
    <subfield code="a">ITA</subfield>
  </datafield>
  <datafield tag="102" ind1=" " ind2=" ">
    <subfield code="a">IT</subfield>
  </datafield>
  <datafield tag="200" ind1="1" ind2=" ">
    <subfield code="a">Repperitur in script. existen. penes d. Antonium de Sozzis fili. q. domini Socini alias notarii seu coadiutoris ad officium reffrendarie Laude ininteresse uel adesse literas magistrales cum presentatione earum facta de quibus &amp; prout infra uidelicet. Antonius Veggius</subfield>
  </datafield>
  <datafield tag="210" ind1=" " ind2=" ">
    <subfield code="d">\1563?!</subfield>
  </datafield>
  <datafield tag="215" ind1=" " ind2=" ">
    <subfield code="a">1 foglio</subfield>
    <subfield code="d">fol</subfield>
  </datafield>
  <datafield tag="300" ind1=" " ind2=" ">
    <subfield code="a">Atto legale relativo alla causa fra Lancillotto e Isabella Vistarini. - Stampata presumibilmente a Lodi come si ricava dal testo. - Data di emanazione: 14 dicembre 1563</subfield>
  </datafield>
  <datafield tag="620" ind1=" " ind2=" ">
    <subfield code="a">IT</subfield>
    <subfield code="d">Lodi</subfield>
  </datafield>
  <datafield tag="700" ind1=" " ind2="1">
    <subfield code="a">Veggius,</subfield>
    <subfield code="b">Antonius</subfield>
    <subfield code="c"> &lt;notaio&gt;</subfield>
    <subfield code="3">IT\ICCU\CNCA\028927</subfield>
  </datafield>
  <datafield tag="702" ind1=" " ind2="1">
    <subfield code="a">Vistarini,</subfield>
    <subfield code="b">Lancillotto</subfield>
    <subfield code="3">IT\ICCU\CNCA\028837</subfield>
  </datafield>
  <datafield tag="712" ind1="0" ind2="2">
    <subfield code="a">s.n.</subfield>
    <subfield code="3">IT\ICCU\CNCT\000002</subfield>
    <subfield code="4">650</subfield>
  </datafield>
  <datafield tag="801" ind1=" " ind2="3">
    <subfield code="a">IT</subfield>
    <subfield code="b">ICCU</subfield>
    <subfield code="c">20201115</subfield>
  </datafield>
  <datafield tag="899" ind1=" " ind2=" ">
    <subfield code="a">Biblioteca nazionale Braidense. Milano</subfield>
    <subfield code="1">MI0185</subfield>
    <subfield code="2">MIL NB</subfield>
  </datafield>
</record>
</collection>
